@inproceedings{roempluk2019machine,
  title={A Machine Learning Approach for Detecting Distributed Denial of Service Attacks},
  author={Roempluk, Tanaphon and Surinta, Olarik},
  booktitle={2019 Joint International Conference on Digital Arts, Media and Technology with ECTI Northern Section Conference on Electrical, Electronics, Computer and Telecommunications Engineering (ECTI DAMT-NCON)},
  pages={146--149},
  year={2019},
  organization={IEEE}
}
@inproceedings{NSL_kdd,
  title={A detailed analysis of the KDD CUP 99 data set},
  author={Tavallaee, Mahbod and Bagheri, Ebrahim and Lu, Wei and Ghorbani, Ali A},
  booktitle={2009 IEEE symposium on computational intelligence for security and defense applications},
  pages={1--6},
  year={2009},
  organization={IEEE}
}

@inproceedings{prasanna2019detection,
  title={Detection of Distributed Denial of Service Attack Using NSL-KDD Dataset-A Survey},
  author={Prasanna, I Philo and Suguna, M},
  booktitle={International conference on Computer Networks, Big data and IoT},
  pages={866--875},
  year={2019},
  organization={Springer}
}

@techreport{shyu2003novel,
  title={A novel anomaly detection scheme based on principal component classifier},
  author={Shyu, Mei-Ling and Chen, Shu-Ching and Sarinnapakorn, Kanoksri and Chang, LiWu},
  year={2003},
  institution={MIAMI UNIV CORAL GABLES FL DEPT OF ELECTRICAL AND COMPUTER ENGINEERING}
}
@article{mchugh2000testing,
  title={Testing intrusion detection systems: a critique of the 1998 and 1999 darpa intrusion detection system evaluations as performed by lincoln laboratory},
  author={McHugh, John},
  journal={ACM Transactions on Information and System Security (TISSEC)},
  volume={3},
  number={4},
  pages={262--294},
  year={2000},
  publisher={ACM New York, NY, USA}
}
@article{osanaiye2016ensemble,
  title={Ensemble-based multi-filter feature selection method for DDoS detection in cloud computing},
  author={Osanaiye, Opeyemi and Cai, Haibin and Choo, Kim-Kwang Raymond and Dehghantanha, Ali and Xu, Zheng and Dlodlo, Mqhele},
  journal={EURASIP Journal on Wireless Communications and Networking},
  volume={2016},
  number={1},
  pages={130},
  year={2016},
  publisher={Springer}
}
@article{revathi2013detailed,
  title={A detailed analysis on NSL-KDD dataset using various machine learning techniques for intrusion detection},
  author={Revathi, S and Malathi, A},
  journal={International Journal of Engineering Research \& Technology (IJERT)},
  volume={2},
  number={12},
  pages={1848--1853},
  year={2013}
}
@article{kim2020cnn,
  title={CNN-Based Network Intrusion Detection against Denial-of-Service Attacks},
  author={Kim, Jiyeon and Kim, Jiwon and Kim, Hyunjung and Shim, Minsun and Choi, Eunjung},
  journal={Electronics},
  volume={9},
  number={6},
  pages={916},
  year={2020},
  publisher={Multidisciplinary Digital Publishing Institute}
}
@article{amma2020statistical,
  title={A statistical class center based triangle area vector method for detection of denial of service attacks},
  author={Amma, NG and Selvakumar, S},
  journal={CLUSTER COMPUTING-THE JOURNAL OF NETWORKS SOFTWARE TOOLS AND APPLICATIONS},
  year={2020},
  publisher={Springer}
}
@article{derhab2015multivariate,
  title={Multivariate correlation analysis and geometric linear similarity for real-time intrusion detection systems},
  author={Derhab, Abdelouahid and Bouras, Abdelghani},
  journal={Security and Communication Networks},
  volume={8},
  number={7},
  pages={1193--1212},
  year={2015},
  publisher={Wiley Online Library}
}
@article{weller2014survey,
  title={A survey of distance and similarity measures used within network intrusion anomaly detection},
  author={Weller-Fahy, David J and Borghetti, Brett J and Sodemann, Angela A},
  journal={IEEE Communications Surveys \& Tutorials},
  volume={17},
  number={1},
  pages={70--91},
  year={2014},
  publisher={IEEE}
}
@inproceedings{paulauskas2017analysis,
  title={Analysis of data pre-processing influence on intrusion detection using NSL-KDD dataset},
  author={Paulauskas, Nerijus and Auskalnis, Juozas},
  booktitle={2017 open conference of electrical, electronic and information sciences (eStream)},
  pages={1--5},
  year={2017},
  organization={IEEE}
}
@article{khan2018feature,
  title={Feature selection of denial-of-service attacks using entropy and granular computing},
  author={Khan, Suleman and Gani, Abdullah and Wahab, Ainuddin Wahid Abdul and Singh, Prem Kumar},
  journal={Arabian Journal for Science and Engineering},
  volume={43},
  number={2},
  pages={499--508},
  year={2018},
  publisher={Springer}
}
@article{su2020bat,
  title={BAT: Deep Learning Methods on Network Intrusion Detection Using NSL-KDD Dataset},
  author={Su, Tongtong and Sun, Huazhi and Zhu, Jinqi and Wang, Sheng and Li, Yabo},
  journal={IEEE Access},
  volume={8},
  pages={29575--29585},
  year={2020},
  publisher={IEEE}
}
@inproceedings{subha2013survey,
  title={A survey on energy efficient neural network based clustering models in wireless sensor networks},
  author={Subha, CP and Malarkan, S and Vaithinathan, K},
  booktitle={2013 International Conference on Emerging Trends in VLSI, Embedded System, Nano Electronics and Telecommunication System (ICEVENT)},
  pages={1--6},
  year={2013},
  organization={IEEE}
}
@inproceedings{subha2013survey,
  title={A survey on energy efficient neural network based clustering models in wireless sensor networks},
  author={Subha, CP and Malarkan, S and Vaithinathan, K},
  booktitle={2013 International Conference on Emerging Trends in VLSI, Embedded System, Nano Electronics and Telecommunication System (ICEVENT)},
  pages={1--6},
  year={2013},
  organization={IEEE}
}

@article{tao,
  title={A hybrid spectral clustering and deep neural network ensemble algorithm for intrusion detection in sensor networks},
  author={Ma, Tao and Wang, Fen and Cheng, Jianjun and Yu, Yang and Chen, Xiaoyun},
  journal={Sensors},
  volume={16},
  number={10},
  pages={1701},
  year={2016},
  publisher={Multidisciplinary Digital Publishing Institute}
}
@article{li2011smart,
  title={Smart community: an internet of things application},
  author={Li, Xu and Lu, Rongxing and Liang, Xiaohui and Shen, Xuemin and Chen, Jiming and Lin, Xiaodong},
  journal={IEEE Communications magazine},
  volume={49},
  number={11},
  pages={68--75},
  year={2011},
  publisher={IEEE}
}

@book{CART,
author = {Breiman, L. and Friedman, J.H. and Olshen, R.A. and Stone, C.J.},
year = {2017},
month = {01},
pages = {1-358},
title = {Classification and regression trees},
journal = {Classification and Regression Trees},
doi = {10.1201/9781315139470}
}

@article{random_forest,
author = {Breiman, L.},
year = {2001},
month = {01},
pages = {199-228},
title = {Random forests, machine learning 45},
volume = {2},
journal = {Journal of Clinical Microbiology}
}

@inproceedings{NB,
author = {Zhang, Harry},
year = {2004},
month = {01},
pages = {},
title = {The Optimality of Naive Bayes},
volume = {2},
journal = {Proceedings of the Seventeenth International Florida Artificial Intelligence Research Society Conference, FLAIRS 2004}
}

@inbook{MLP,
author = {Rumelhart, David E. and Hinton, Geoffrey E. and Williams, Ronald J.},
title = {Learning Representations by Back-Propagating Errors},
year = {1988},
isbn = {0262010976},
publisher = {MIT Press},
address = {Cambridge, MA, USA},
booktitle = {Neurocomputing: Foundations of Research},
pages = {696–699},
numpages = {4}
}
  
@article{lstm,
author = {Hochreiter, Sepp and Schmidhuber, Jürgen},
year = {1997},
month = {12},
pages = {1735-80},
title = {Long Short-term Memory},
volume = {9},
journal = {Neural computation},
doi = {10.1162/neco.1997.9.8.1735}
}

@misc{KDDcup99,
author = "Dua, Dheeru and Graff, Casey",
year = "2017",
title = "{UCI} Machine Learning Repository",
url = "http://archive.ics.uci.edu/ml",
institution = "University of California, Irvine, School of Information and Computer Sciences" } 

@article{chi2,
 title={{Scikit-learn: Machine Learning in Python }},
 author={Pedregosa, F. and Varoquaux, G. and Gramfort, A. and Michel, V.
         and Thirion, B. and Grisel, O. and Blondel, M. and Prettenhofer, P.
         and Weiss, R. and Dubourg, V. and Vanderplas, J. and Passos, A. and
         Cournapeau, D. and Brucher, M. and Perrot, M. and Duchesnay, E.},
 journal={Journal of Machine Learning Research},
 volume={12},
 pages={2825--2830},
 year={2011}
}
@article{verma2020machine,
  title={Machine learning based intrusion detection systems for IoT applications},
  author={Verma, Abhishek and Ranga, Virender},
  journal={Wireless Personal Communications},
  volume={111},
  number={4},
  pages={2287--2310},
  year={2020},
  publisher={Springer}
}
@article{almseidin2019applying,
  title={APPLYING INTRUSION DETECTION ALGORITHMS ON THE KDD-99 DATASET},
  author={Almseidin, Mohammad and Alzubi, Maen and Alkasassbeh, Mouhammd and Kovacs, Szilveszter},
  journal={PRODUCTION SYSTEMS AND INFORMATION ENGINEERING},
  volume={8},
  pages={51--67},
  year={2019},
  publisher={Miskolci Egyetem}
}
@inproceedings{nagar2020novel,
  title={Novel Approach of Intrusion Detection Classification Deeplearning Using SVM},
  author={Nagar, Pritesh and Menaria, Hemant Kumar and Tiwari, Manish},
  booktitle={First International Conference on Sustainable Technologies for Computational Intelligence},
  pages={365--381},
  year={2020},
  organization={Springer}
}

@inproceedings{spectral_clustering_CC,
  title={Accurate Spectral Clustering for Community Detection in MapReduce},
  author={Serafeim Tsironis},
  year={2013}
}